[gd_scene load_steps=11 format=2]

[ext_resource path="res://Elements/FoxCharacter/fox.png" type="Texture" id=1]
[ext_resource path="res://Elements/FoxCharacter/FoxCharacter.gd" type="Script" id=2]
[ext_resource path="res://Elements/FoxCharacter/ControlCapture.gd" type="Script" id=3]
[ext_resource path="res://Elements/FoxCharacter/states/states.gd" type="Script" id=4]
[ext_resource path="res://Elements/FoxCharacter/states/falling.gd" type="Script" id=5]
[ext_resource path="res://Elements/FoxCharacter/states/walking.gd" type="Script" id=6]

[sub_resource type="CapsuleShape2D" id=1]
radius = 6.0
height = 16.0

[sub_resource type="Animation" id=2]
resource_name = "idle"
length = 3.0
loop = true
tracks/0/type = "value"
tracks/0/path = NodePath("fox:frame")
tracks/0/interp = 1
tracks/0/loop_wrap = true
tracks/0/imported = false
tracks/0/enabled = true
tracks/0/keys = {
"times": PoolRealArray( 0, 1.5 ),
"transitions": PoolRealArray( 1, 1 ),
"update": 0,
"values": [ 0, 4 ]
}

[sub_resource type="Animation" id=3]
resource_name = "jump"
length = 1.1
step = 0.05
tracks/0/type = "value"
tracks/0/path = NodePath("fox:frame")
tracks/0/interp = 1
tracks/0/loop_wrap = true
tracks/0/imported = false
tracks/0/enabled = true
tracks/0/keys = {
"times": PoolRealArray( 0, 0.4, 0.7 ),
"transitions": PoolRealArray( 1, 1, 1 ),
"update": 0,
"values": [ 13, 15, 16 ]
}
tracks/1/type = "method"
tracks/1/path = NodePath("AnimationPlayer")
tracks/1/interp = 1
tracks/1/loop_wrap = true
tracks/1/imported = false
tracks/1/enabled = true
tracks/1/keys = {
"times": PoolRealArray( 1 ),
"transitions": PoolRealArray( 1 ),
"values": [ {
"args": [ 0.4, true ],
"method": "seek"
} ]
}

[sub_resource type="Animation" id=4]
loop = true
tracks/0/type = "value"
tracks/0/path = NodePath("fox:frame")
tracks/0/interp = 1
tracks/0/loop_wrap = true
tracks/0/imported = false
tracks/0/enabled = true
tracks/0/keys = {
"times": PoolRealArray( 0, 1 ),
"transitions": PoolRealArray( 1, 1 ),
"update": 0,
"values": [ 6, 11 ]
}

[node name="Character" type="KinematicBody2D"]
scale = Vector2( 0.8, 0.8 )
script = ExtResource( 2 )
__meta__ = {
"_edit_group_": true
}
gravityMult = 2
maxRun = 250.0
moveAccel = 250.0
moveDecel = 2500.0
jumpVelocity = 175.0
airControl = 100.0

[node name="CollisionShape2D" type="CollisionShape2D" parent="."]
position = Vector2( 0, 2 )
shape = SubResource( 1 )

[node name="fox" type="Sprite" parent="."]
texture = ExtResource( 1 )
vframes = 3
hframes = 6
frame = 13

[node name="states" type="Node" parent="."]
script = ExtResource( 4 )
currentState = NodePath("falling")

[node name="falling" type="Node" parent="states"]
script = ExtResource( 5 )

[node name="walking" type="Node" parent="states"]
script = ExtResource( 6 )

[node name="AnimationPlayer" type="AnimationPlayer" parent="."]
anims/idle = SubResource( 2 )
anims/jump = SubResource( 3 )
anims/walk = SubResource( 4 )

[node name="controls" type="Node" parent="."]
script = ExtResource( 3 )
[connection signal="playAnimation" from="states" to="." method="_on_states_playAnimation"]
[connection signal="playAnimation" from="states/falling" to="states" method="_playAnimation"]
[connection signal="playAnimation" from="states/walking" to="states" method="_playAnimation"]
