[gd_scene load_steps=2 format=2]

[sub_resource type="GDScript" id=1]
script/source = "extends Node2D

\"\"\"
# Room ideas
- cryo room, player wakes up here
- medical
- security office/quartermaster
- engine room, back of the ship, controls thruster
- cammand room, front of the ship, controls spin
- cargo
- hallways
- janitors closet
- mantaince systems
- machine shop
- amtospherics
- habs / living space
- rover dock?
- 10forward?


# 1st sequnce, spin 

1. cryo room, player wakes up here
2. hallways
3. habs / living space
4. cammand room, front of the ship, controls spin

# 2nd sequnce, thruster overload

1. get puff boots security office/quartermaster
2. get cargo bay jump sequnce
3. engine room
4. machine shop (engine room mcguffin)


# 3rd sequnce, grav plate malfunction

1. 


\"\"\"



"

[node name="notes" type="Node2D"]
script = SubResource( 1 )

[node name="Polygon2D" type="Polygon2D" parent="."]
position = Vector2( -48, -72 )
color = Color( 0, 0, 0, 1 )
polygon = PoolVector2Array( 0, -32, 96, -32, 96, 32, 0, 32 )
__meta__ = {
"_edit_group_": true
}

[node name="Label" type="Label" parent="Polygon2D"]
margin_top = -16.0
margin_right = 40.0
margin_bottom = -2.0
text = "Cryo"
__meta__ = {
"_edit_use_anchors_": false
}

[node name="Polygon2D2" type="Polygon2D" parent="."]
position = Vector2( -72, -480 )
color = Color( 0.235294, 0.235294, 0.235294, 1 )
polygon = PoolVector2Array( 0, -24, 96, -24, 96, 8, 0, 8 )
__meta__ = {
"_edit_group_": true
}

[node name="Label" type="Label" parent="Polygon2D2"]
margin_top = -16.0
margin_right = 40.0
margin_bottom = -2.0
text = "halls"
__meta__ = {
"_edit_use_anchors_": false
}

[node name="Polygon2D9" type="Polygon2D" parent="."]
position = Vector2( 48, 24 )
color = Color( 0.235294, 0.235294, 0.235294, 1 )
polygon = PoolVector2Array( 0, -32, 96, -32, 96, 0, 0, 0 )
__meta__ = {
"_edit_group_": true
}

[node name="Label" type="Label" parent="Polygon2D9"]
margin_top = -16.0
margin_right = 40.0
margin_bottom = -2.0
text = "Maintain"
__meta__ = {
"_edit_use_anchors_": false
}

[node name="Polygon2D3" type="Polygon2D" parent="."]
position = Vector2( 48, -56 )
color = Color( 0.188235, 0.368627, 0.14902, 1 )
polygon = PoolVector2Array( 0, -48, 128, -48, 128, 48, 0, 48 )
__meta__ = {
"_edit_group_": true
}

[node name="Label" type="Label" parent="Polygon2D3"]
margin_top = -16.0
margin_right = 40.0
margin_bottom = -2.0
text = "Living"
__meta__ = {
"_edit_use_anchors_": false
}

[node name="Polygon2D10" type="Polygon2D" parent="."]
position = Vector2( 112, 88 )
color = Color( 0.513726, 0.0431373, 0.74902, 1 )
polygon = PoolVector2Array( 32, -96, 64, -96, 64, 0, 0, 0, -160, 0, -160, -64, 32, -64 )
__meta__ = {
"_edit_group_": true
}

[node name="Label" type="Label" parent="Polygon2D10"]
margin_top = -16.0
margin_right = 40.0
margin_bottom = -2.0
text = "Cargo"
__meta__ = {
"_edit_use_anchors_": false
}

[node name="Polygon2D5" type="Polygon2D" parent="."]
position = Vector2( -48, 8 )
color = Color( 0.14902, 0.282353, 0.368627, 1 )
polygon = PoolVector2Array( 0, -48, 96, -48, 96, 16, 0, 16 )
__meta__ = {
"_edit_group_": true
}

[node name="Label" type="Label" parent="Polygon2D5"]
margin_top = -32.0
margin_right = 49.0
margin_bottom = -1.0
text = "Quarter
Master"
__meta__ = {
"_edit_use_anchors_": false
}

[node name="Polygon2D7" type="Polygon2D" parent="."]
position = Vector2( -144, -24 )
color = Color( 0.945098, 0.027451, 0.00784314, 1 )
polygon = PoolVector2Array( 0, -32, 96, -32, 96, 64, 0, 64 )
__meta__ = {
"_edit_group_": true
}

[node name="Label" type="Label" parent="Polygon2D7"]
margin_top = -32.0
margin_right = 49.0
margin_bottom = -1.0
text = "Engine
Room"
__meta__ = {
"_edit_use_anchors_": false
}

[node name="Polygon2D8" type="Polygon2D" parent="."]
position = Vector2( -96, -80 )
color = Color( 0.380392, 0.00784314, 0, 1 )
polygon = PoolVector2Array( 0, -24, 48, -24, 48, 24, 0, 24 )
__meta__ = {
"_edit_group_": true
}

[node name="Label" type="Label" parent="Polygon2D8"]
margin_left = 8.0
margin_top = -16.0
margin_right = 57.0
margin_bottom = 15.0
text = "Mech
Shop"
__meta__ = {
"_edit_use_anchors_": false
}

[node name="Polygon2D4" type="Polygon2D" parent="."]
position = Vector2( 176, 16 )
color = Color( 0.576471, 0.470588, 0.0431373, 1 )
polygon = PoolVector2Array( 0, -56, 32, -56, 64, -24, 32, 8, 0, 8 )
__meta__ = {
"_edit_group_": true
}

[node name="Label" type="Label" parent="Polygon2D4"]
margin_left = 16.0
margin_top = -48.0
margin_right = 63.0
margin_bottom = -34.0
rect_rotation = 89.9999
text = "Cockpit"
__meta__ = {
"_edit_use_anchors_": false
}
